@INPROCEEDINGS{Kong2015, 
author={J. Kong and M. Pfeiffer and G. Schildbach and F. Borrelli}, 
booktitle={2015 IEEE Intelligent Vehicles Symposium (IV)}, 
title={Kinematic and dynamic vehicle models for autonomous driving control design}, 
year={2015}, 
volume={}, 
number={}, 
pages={1094-1099}, 
keywords={control system synthesis;kinematics;predictive control;road traffic control;road vehicles;vehicle dynamics;kinematic vehicle models;dynamic vehicle models;autonomous driving control design;model-based control design;forecast error statistics;discretization effect;model predictive control;MPC;simple kinematic bicycle model;windy road;Kinematics;Vehicle dynamics;Predictive models;Bicycles;Tires;Trajectory}, 
doi={10.1109/IVS.2015.7225830}, 
ISSN={1931-0587}, 
month={June},}